@inproceedings{bugiel2011practical,
  title={Practical and lightweight domain isolation on android},
  author={Bugiel, Sven and Davi, Lucas and Dmitrienko, Alexandra and Heuser, Stephan and Sadeghi, Ahmad-Reza and Shastry, Bhargava},
  booktitle={Proceedings of the 1st ACM workshop on Security and privacy in smartphones and mobile devices},
  pages={51--62},
  year={2011},
  organization={ACM}
}
@article{kwong2012droidscope,
	title={DroidScope: seamlessly reconstructing the OS and Dalvik semantic views for dynamic Android malware analysis},
	author={Kwong, Lok and Yin, Yan Heng},
	year={2012},
	publisher={Citeseer}
}
@inproceedings{yoon2012appscope,
	title={AppScope: Application Energy Metering Framework for Android Smartphone Using Kernel Activity Monitoring.},
	author={Yoon, Chanmin and Kim, Dongwon and Jung, Wonwoo and Kang, Chulkoo and Cha, Hojung},
	booktitle={USENIX Annual Technical Conference},
	pages={387--400},
	year={2012}
}
@MastersThesis{Nikhil2015,
	title =        "Network Ombudsman for Android",
	author =       "Nikhil George",
	school =       "Amrita Vishwa Vidyapeetham",
	year =         "2015",
	address =      "Ettimadai, Tamil Nadu 641112, India",
	month =        jun,
	note =         "Advisor: Prabhaker Mateti",
	key =          "android, network, ombudsman, filtering,
	crowd-sourcing, security",
}
@article{armando2014mobile,
	title={Mobile App Security Analysis with the MAVeriC Static Analysis Module},
	author={Armando, Alessandro and Bocci, Gianluca and Chiarelli, Giantonio and Costa, Gabriele and De Maglie, Gabriele and Mammoliti, Rocco and Merlo, Alessio},
	journal={Journal of Wireless Mobile Networks, Ubiquitous Computing, and Dependable Applications (JoWUA)},
	volume={5},
	number={4},
	pages={103--119},
	year={2014}
}

@InProceedings{burguera2011crowdroid,
  title =        "Crowdroid: behavior-based malware detection system for
                 android",
  author =       "Iker Burguera and Urko Zurutuza and Simin
                 Nadjm-Tehrani",
  booktitle =    "Proceedings of the 1st ACM workshop on Security and
                 privacy in smartphones and mobile devices",
  pages =        "15--26",
  year =         "2011",
  organization = "ACM",
}
@inproceedings{almohri2014,
  title={{DroidBarrier}: Know What is Executing on Your {{Android}}},
  author={Almohri, Hussain MJ and Yao, Danfeng Daphne and Kafura, Dennis},
  booktitle={Proceedings of the 4th ACM conference on Data and application security and privacy},
  pages={257--264},
  year={2014},
note = {\url{http://people.cs.vt.edu/danfeng/papers/spy008-almohri.pdf}},
  organization={ACM},
  annote={PhD candidate of Computer Science, Virginia Tech; has URLs to perf measurement sites},
}

@inproceedings{isohara2011kernel,
  title={Kernel-based behavior analysis for android malware detection},
  author={Isohara, Takamasa and Takemori, Keisuke and Kubota, Ayumu},
  booktitle={Computational Intelligence and Security (CIS), 2011 Seventh International Conference on},
  pages={1011--1015},
  year={2011},
  organization={IEEE}
}
@article{lin2013identifying,
  title={Identifying android malicious repackaged applications by thread-grained system call sequences},
  author={Lin, Ying-Dar and Lai, Yuan-Cheng and Chen, Chien-Hung and Tsai, Hao-Chuan},
  journal={computers \& security},
  volume={39},
  pages={340--350},
  year={2013},
  publisher={Elsevier}
}
@inproceedings{gehani2012spade,
  title={SPADE: support for provenance auditing in distributed environments},
  author={Gehani, Ashish and Tariq, Dawood},
  booktitle={Proceedings of the 13th International Middleware Conference},
  pages={101--120},
  year={2012},
  organization={Springer-Verlag New York, Inc.}
}
@misc{SystemCalls,
          author = {Michael Kerrisk},
           year = {2016},
	title = {System Calls},
	howpublished =  "\url{http://man7.org/linux/man-pages/man2/syscalls.2.html}",
	}
@misn{OSMonitor,
           author = {eolwral},
           year = {2015},
	title = {OS Monitor},
          howpublished = "\url{ https://github.com/eolwral/OSMonitor}",
}
	@misc{linuxprocesses,
        author = {David A Rusling},
        year = {1996 - 1999},
	title = {Linux Processes},
	howpublished = "\url{http://www.tldp.org/LDP/tlk/kernel/processes.html}",
	}	

		@misc{androiddiagram,
	author = {Padam Gurung},
	title = {Android's architecture diagram},
	howpublished = "\url{http://newtechinfo.net/android-system-architecture/}",
	year={2015},
	month={November}
}
@misc{connectivitymanager,
author = {Google},
year = {2016},
title = {Connectivity Manager},
howpublished = "\url{https://developer.android.com/reference/android/net/ConnectivityManager.html}",
}
@misc{osmonitor,
author={eolwral},
year = {2015},
title = {OS Monitor},
howpublished = "\url{https://github.com/eolwral/OSMonitor}",
}	
@misc{wifimanager,
author = {Google},
year = {2016},
			title = {Wifi Manager},
howpublished = "\url{https://developer.android.com/reference/android/net/wifi/WifiManager.html}",
		}	

@misc{dropboxcloud,
author = {Inc, Dropbox},
year = {2015},
title = {Dropbox Cloud Upload},
howpublished = "\url{https://www.dropbox.com/developers-v1/core/start/android}",
}
	
@misc{straceinandroid,
author = {Zsolt MÃ¼ller},
year = {2012},
title = {Installing Strace in Android},
howpublished = "\url{http://muzso.hu/2012/04/21/how-to-compile-strace-for-use-on-an-android-phone-running-an-arm-cpu}",
}

@ONLINE{
	Doe:2009:Online,
	author = {Doe, Ringo},
	month = jun,
	year = {2009},
	url = {http://www.test.org/doe/}
	}
	
		
@book{elenkov2014android,
  title={Android Security Internals: An In-Depth Guide to Android's Security Architecture},
  author={Elenkov, Nikolay},
  year={2014},
  publisher={No Starch Press}
}

@misc{cclgroupltd,
	author = {CCLuser},
	title = {Android Pattern Lock Scripts},
	howpublished = "\url{http://www.cclgroupltd.com/product/android-pattern-lock-scripts/}",
	year={2012}
	}

@TechReport{Mateti,
  title =        "Design and Construction of a new Highly Secure
                 {Android} {ROM}",
  author =       "Prabhaker Mateti and PS Aiyyappan and Nikhil George
                 and Jamsheed Kamardeen and Asish K Sahadevan and
                 Priyanka Shetti",
  institution =  "Amrita Vishwa Vidyapeetham",
  year =         "2015",
  address =      "Ettimadai, Tamil Nadu 641112, India",
  month =        "6",
  key =          "android, network, ombudsman, filtering,
                 crowd-sourcing, security, zygote, morula, ASLR, ROP,
                 audit, forensics",
  note =         "Advisor: Prabhaker Mateti;
                 \url{http://cecs.wright.edu/~pmateti/GradStudents/index.html}",
}

@misc{linuxkernelarchives,
	author = {Linux Kernel Organization, Inc},
	title = {The Linux Kernel Archives},
	howpublished = "\url{https://www.kernel.org/}",
	year={2016},
	month={March}
}